<?xml version="1.0" encoding="UTF-8"?><collection xmlns="http://www.loc.gov/MARC21/slim"><record><leader>00542nam--2200133-i-4500</leader><controlfield tag="001">000026331</controlfield><controlfield tag="002">20161230</controlfield><controlfield tag="005">20161230201036</controlfield><controlfield tag="008">060222s1000------------r-----000-0-eng-d</controlfield><datafield ind1=" " ind2=" " tag="080"><subfield code="a">02(017.1)</subfield></datafield><datafield ind1=" " ind2=" " tag="245"><subfield code="a">Isdb (international standard bibliographic description). description bibliographique internationale normalisee) pour les monographies en un ou plusieurs volumes. traduction francaise</subfield></datafield><datafield ind1=" " ind2=" " tag="260"><subfield code="a">Paris, Biblioteque Nationale, 1973, 40p</subfield></datafield><datafield ind1=" " ind2=" " tag="490"><subfield code="a">Extrait Du Bulletin Des Bibliotheques De France 18e Annee, No.5, Mai 1973</subfield></datafield><datafield ind1=" " ind2=" " tag="852"><subfield code="a">49209</subfield></datafield></record></collection>